@misc{bogdanov2011biclique,
      author = {Andrey Bogdanov and Dmitry Khovratovich and Christian Rechberger},
      title = {Biclique Cryptanalysis of the Full {AES}},
      howpublished = {Cryptology {ePrint} Archive, Paper 2011/449},
      year = {2011},
      url = {https://eprint.iacr.org/2011/449}
}
